@article{nassar2006cassava,
  author = {N. Nagib Nassar and A. Marques},
  title = {Cassava leaves as a source of protein},
  journal = {Journal of Food, Agriculture and Environment},
  volume = {4},
  year = {2006},
  month = jan
}

@article{alabi2008multiplex,
  author = {O. J. Alabi and P. L. Kumar and R. A. Naidu},
  title = {Multiplex PCR for the detection of African cassava mosaic virus and East African cassava mosaic Cameroon virus in cassava},
  journal = {Journal of Virological Methods},
  volume = {154},
  number = {1-2},
  pages = {111--120},
  year = {2008},
  doi = {10.1016/j.jviromet.2008.08.008}
}

@article{bhattacharyya2011survey,
  author = {S. Bhattacharyya},
  title = {A brief survey of color image preprocessing and segmentation techniques},
  journal = {Journal of Pattern Recognition Research},
  volume = {1},
  number = {1},
  pages = {120--129},
  year = {2011}
}

@article{mohammed2012cassava,
  author = {I. U. Mohammed and M. M. Abarshi and B. Muli and R. J. Hillocks and M. N. Maruthi},
  title = {The symptom and genetic diversity of cassava brown streak viruses infecting cassava in East Africa},
  journal = {Advances in Virology},
  volume = {2012},
  pages = {1--10},
  year = {2012},
  doi = {10.1155/2012/795697}
}

@misc{simonyan2014vgg,
  author = {K. Simonyan and A. Zisserman},
  title = {Very deep convolutional networks for large-scale image recognition},
  year = {2014},
  eprint = {arXiv:1409.1556},
  note = {arXiv preprint}
}

@misc{szegedy2015inception,
  author = {C. Szegedy and V. Vanhoucke and S. Ioffe and J. Shlens and Z. Wojna},
  title = {Rethinking the Inception architecture for computer vision},
  year = {2015},
  eprint = {arXiv:1512.00567},
  note = {arXiv preprint}
}

@article{wonni2015blight,
  author = {I. Wonni and L. Ouedraogo and S. Dao and C. Tekete and O. Koita and G. Taghouti and P. Portier and B. Szurek and V. Verdier},
  title = {First report of cassava bacterial blight caused by Xanthomonas axonopodis pv. manihotis in Burkina Faso},
  journal = {Plant Disease},
  volume = {99},
  number = {4},
  pages = {551--551},
  year = {2015},
  doi = {10.1094/pdis-03-14-0302-pdn}
}

@misc{faostat2016,
  author = {FAOSTAT and A. C. Production},
  title = {Food and Agriculture Organization of the United Nations, 2010},
  year = {2016},
  note = {Roma, Italy}
}

@inproceedings{he2016resnet,
  author = {K. He and X. Zhang and S. Ren and J. Sun},
  title = {Deep residual learning for image recognition},
  booktitle = {2016 IEEE Conference on Computer Vision and Pattern Recognition (CVPR)},
  year = {2016},
  doi = {10.1109/cvpr.2016.90},
  organization = {IEEE}
}

@article{kathurima2016genetic,
  author = {T. Kathurima and A. Nyende and S. Kiarie and E. Ateka},
  title = {Genetic diversity and distribution of cassava brown streak virus and Ugandan cassava brown streak virus in major cassava-growing regions in Kenya},
  journal = {Annual Research Review in Biology},
  volume = {10},
  number = {5},
  pages = {1--9},
  year = {2016},
  doi = {10.9734/arrb/2016/26879}
}
@article{sladojevic2016deep,
  author = {S. Sladojevic and M. Arsenovic and A. Anderla and D. Culibrk and D. Stefanovic},
  title = {Deep neural networks based recognition of plant diseases by leaf image classification},
  journal = {Computational Intelligence and Neuroscience},
  volume = {2016},
  pages = {1--11},
  year = {2016},
  doi = {10.1155/2016/3289801}
}

@inproceedings{chollet2017xception,
  author = {F. Chollet},
  title = {Xception: Deep learning with depthwise separable convolutions},
  booktitle = {2017 IEEE Conference on Computer Vision and Pattern Recognition (CVPR)},
  pages = {1251--1258},
  year = {2017},
  organization = {IEEE},
  doi = {10.1109/cvpr.2017.195}
}

@inproceedings{huang2017densenet,
  author = {G. Huang and Z. Liu and L. van der Maaten and K. Q. Weinberger},
  title = {Densely connected convolutional networks},
  booktitle = {2017 IEEE Conference on Computer Vision and Pattern Recognition (CVPR)},
  pages = {2261--2269},
  year = {2017},
  organization = {IEEE},
  doi = {10.1109/cvpr.2017.243}
}

@inproceedings{huo2017tongue,
  author = {C.-M. Huo and H. Zheng and H.-Y. Su and Z.-L. Sun and Y.-J. Cai and Y.-F. Xu},
  title = {Tongue shape classification integrating image preprocessing and convolution neural network},
  booktitle = {2017 2nd Asia-Pacific Conference on Intelligent Robot Systems (ACIRS)},
  pages = {42--46},
  year = {2017},
  organization = {IEEE}
}

@article{pitaloka2017emotion,
  author = {D. A. Pitaloka and A. Wulandari and T. Basaruddin and D. Y. Liliana},
  title = {Enhancing CNN with preprocessing stage in automatic emotion recognition},
  journal = {Procedia Computer Science},
  volume = {116},
  pages = {523--529},
  year = {2017}
}

@article{ramcharan2017cassava,
  author = {A. Ramcharan and K. Baranowski and P. McCloskey and B. Ahmed and J. Legg and D. P. Hughes},
  title = {Deep learning for image-based cassava disease detection},
  journal = {Frontiers in Plant Science},
  volume = {8},
  pages = {1852},
  year = {2017},
  doi = {10.3389/fpls.2017.01852}
}

@misc{sharma2017epochs,
  author = {S. Sharma},
  title = {Epoch vs batch size vs iterations},
  year = {2017},
  howpublished = {\url{https://developers.google.com/machine-learning/crash-course/classification/accuracy}}
}

@inbook{fanou2018cbb,
  author = {A. A. Fanou and V. A. Zinsou and K. Wydra},
  title = {Cassava bacterial blight: A devastating disease of cassava},
  booktitle = {Cassava},
  year = {2018},
  publisher = {IntechOpen},
  doi = {10.5772/intechopen.71527}
}

@misc{hussain2018wheat,
  author = {A. Hussain and M. Ahmad and I. Mughal and H. Ali},
  title = {Automatic disease detection in wheat crop using convolution neural network},
  year = {2018},
  howpublished = {\url{https://doi.org/10.13140/RG.2.2.14191.46244}}
}

@inproceedings{sandler2018mobilenetv2,
  author = {M. Sandler and A. Howard and M. Zhu and A. Zhmoginov and L.-C. Chen},
  title = {MobileNetV2: Inverted residuals and linear bottlenecks},
  booktitle = {Proceedings of the IEEE Conference on Computer Vision and Pattern Recognition (CVPR)},
  pages = {4510--4520},
  year = {2018}
}
@article{muli2018genetic,
  author = {B. Muli and I. U. Mohammed and M. N. Maruthi and R. J. Hillocks},
  title = {Genetic diversity of cassava brown streak viruses in East Africa},
  journal = {Frontiers in Microbiology},
  volume = {9},
  pages = {1--12},
  year = {2018},
  doi = {10.3389/fmicb.2018.02725}
}