@article{rahman2022,
    author = {Rahman, Tanvir and Alam, Shakil},
    title = {A Framework for Online Travel Booking Systems in Developing Countries},
    journal = {International Journal of Information Systems and Travel Technology},
    year = {2022},
    volume = {8},
    number = {2},
    pages = {89--101}
}

@inproceedings{liu2021,
    author = {Liu, Ming and Zhang, Wei},
    title = {Design and Implementation of a Web-Based Travel Agency System},
    booktitle = {Proceedings of the 2021 International Conference on Software Engineering and Applications},
    year = {2021},
    pages = {212--217},
    publisher = {IEEE}
}

@book{kumar2020,
    author = {Kumar, Rajesh},
    title = {Modern Web Application Development with PHP and Laravel},
    publisher = {TechWorld Publishing},
    year = {2020}
}

@article{fernandez2023,
    author = {Fernandez, Carla and Gomez, Luis},
    title = {Enhancing User Experience in Travel Booking Interfaces},
    journal = {Journal of Human-Centered Computing},
    year = {2023},
    volume = {12},
    number = {1},
    pages = {55--66}
}

@misc{odysseyDocs2024,
    author = {{Odyssey Development Team}},
    title = {Odyssey Travel Agency Software: Technical Documentation},
    year = {2024},
    note = {Available upon request or internal release}
}
